% This file was created with JabRef 2.7.1.
% Encoding: UTF8

@article{greco,
  title={An exploratory taxonomy of business games},
  author={Greco, Marco and Baldissin, Nicola and Nonino, Fabio},
  journal={Simulation \& Gaming},
  volume={44},
  number={5},
  pages={645--682},
  year={2013},
  publisher={SAGE Publications},
}
@article{bmdl1,
  title={A compiler for business simulations: Toward business model development by yourselves},
  author={Tsuda, Kazuhiko and Terano, Takao and Kuno, Yasushi and Shirai, Hiroaki and Suzuki, Hisatoshi},
  journal={Information Sciences},
  volume={143},
  number={1},
  pages={99--114},
  year={2002},
  publisher={Elsevier}
}
@article{japanisch,
author="Tanabu, Motonari",
title="Design and Implementation of a Language for Business Simulation Games (Japanese)",
journal="Yokohama Business Review",
ISSN="0389-1712",
publisher="CiNii",
year="2011",
month="sep",
volume="32",
number="2",
pages="267-292",
URL="http://ci.nii.ac.jp/naid/40019252737/en/",
DOI="",
}

@article{bmdl2,
  title={Understanding your business through home-made simulator development},
  author={Terano, Takao and Suzuki, Hisatoshi and Kuno, Yasushi and Fujimori, Hiroshi and Shirai, Hiroaki and Nishio, Chizuru and Ogura, Noboru and Takahuashi, Mitsuo},
  journal={Developments in Business Simulation and Experiential Learning},
  volume={26},
  year={1999},
  URL="https://journals.tdl.org/absel/index.php/absel/article/view/930/899",
}

@inproceedings{bmdl3,
  title="{Business game development toolkit for the WWW environment}",
  author={Fujimori, Hiroshi and Shirai, Hiroaki and Suzuki, Hisatoshi and Kuno, Yasushi and Tsuda, Kazuhiko and Terano, Takao},
  booktitle={Knowledge-Based Intelligent Information Engineering Systems, 1999. Third International Conference},
  pages={469--472},
  year={1999},
  organization={IEEE}
}

@incollection{bmdsinvest,
  title={Learning a selection problem of investment projects and capital structure through business game},
  author={Yamashita, Yasuo and Takahashi, Hiroshi and Terano, Takao},
  booktitle={New Advances in Intelligent Decision Technologies},
  pages={41--50},
  year={2009},
  publisher={Springer}
}

@inproceedings{bmdsagent1,
  title={Learning agents in a business simulator},
  author={Kobayashi, Masato and Terano, Takao},
  booktitle={Proceedings of the International Symposium on Computational Intelligence in Robotics and Automation, 2003},
  volume={3},
  pages={1323--1327},
  year={2003},
  organization={IEEE}
}

@article{bmdsagent2,
  title="{Game development toolkit for business people in Japan}",
  author={Shirai, Hiroaki and Tanabu, Motonari and Terano, Takao and Kuno, Yasushi and Suzuki, Hisatoshi and Tsuda, Kazuhiko},
  journal={Simulation \& Gaming},
  volume={34},
  number={3},
  pages={437--446},
  year={2003},
  publisher={Sage Publications}
}

@article{ybg1,
  title={Facilitating business gaming simulation modeling},
  author={Tanabu, M},
  journal={Developments in Business Simulation and Experiential Learning},
  volume={35},
  pages={360--367},
  year={2008}
}

@article{ybg2,
  title="{A Platform for Business Games - From Game Playing to Game Making: The Case of Yokohama National University}",
  author={Tanabu, Motonari and Shirai, Hiroaki},
  journal={Developments in Business Simulation and Experiential Learning},
  volume={37},
  year={2010}
}

@article{sa1,
  title="{Multi player, internet and java based simulation games: Learning and research in implementing a computerized version of the “Beer distribution supply game”}",
  author={Ravid, Gilad and Rafaeli, Sheizaf},
  journal={Simulation Series},
  volume={32},
  number={2},
  pages={15--22},
  year={2000},
  publisher={Society for Computer Simulation; 1999}
}

@article{sa2,
  title={Playing the beer distribution game over the internet},
  author={Jacobs, F Robert},
  journal={Production and Operations Management},
  volume={9},
  number={1},
  pages={31--39},
  year={2000},
  publisher={Wiley Online Library}
}




@article{ybg1,
  title={Facilitating business gaming simulation modeling},
  author={Tanabu, M},
  journal={Developments in Business Simulation and Experiential Learning},
  volume={35},
  pages={360--367},
  year={2008}
}



@article{beergame,
  title="{Modeling managerial behavior: Misperceptions of feedback in a dynamic decision making experiment}",
  author={Sterman, John D},
  journal={Management science},
  volume={35},
  number={3},
  pages={321--339},
  year={1989},
  publisher={INFORMS}
}

@article{sterman,
  title="{Interactive web-based simulations for strategy and sustainability: The \uppercase{MIT} \uppercase{S}loan LearningEdge management flight simulators, Part I}",
  author={Sterman, John},
  journal={System Dynamics Review},
  volume={30},
  number={1-2},
  pages={89--121},
  year={2014},
  publisher={Wiley Online Library}
},

@article{hsu,
  title="{Role-event gaming simulation in management education: A conceptual framework and review.}",
  author={Hsu, Enrico},
  journal={Simulation \& Games},
  year={1989},
  volume={20},
  number={4},
  pages={409--438},
  publisher={Sage Publications}
},


@article{faria,
  title="{Business simulation games: Current usage levels - An update}",
  author={Faria, Anthony J},
  journal={Simulation \& Gaming},
  volume={29},
  number={3},
  pages={295--308},
  year={1998},
  publisher={Sage Publications}
},

@article{eilon,
  title={Management games},
  author={Eilon, Samuel},
  journal={Journal of the Operational Research Society},
  volume={14},
  number={2},
  pages={137--149},
  year={1963},
  publisher={JSTOR}
},

@article{web,
  title={Characterizing business games used in distance education},
  author={Bernard, Ricardo RS},
  journal={Developments in Business Simulation and Experiential Learning},
  volume={33},
  year={2014},
  pages={124--130},
},

@inproceedings{skill,
  title={State of the art of serious games for business and industry},
  author={Riedel, JCKH and Hauge, Jannicke Baalsrud},
  booktitle={Proceedings of the 17th International Conference on Concurrent Enterprising (ICE), 2011},
  pages={1--8},
  year={2011},
  organization={IEEE}
},


@book{jarmain,
  title={Problems in industrial dynamics},
  author={Jarmain, W Edwin},
  year={1963},
  publisher={M.I.T. Press, Cambridge}
},

@article{tax1,
  title={What are we talking about? - \uppercase{a} taxonomy of computer simulations to support learning},
  author={Maier, Frank H and Gr{\"o}{\ss}ler, Andreas},
  journal={System Dynamics Review},
  volume={16},
  number={2},
  pages={135--148},
  year={2000},
  publisher={Wiley Online Library}
},

@article{tax2,
  title={ A multidimensional typology of
games.},
  author={Aarseth, E. and Smedstad, S. and Sunnana, L.},
  journal={Level Up Conference Proceedings},
  pages={48--53},
  year={2003},
  publisher={University of Utrecht, Netherlands }
},

@article{tax3,
  title="{Game Classification and Game Design Construction Through Critical Analysis}",
  author={Elverdam, Christian and Aarseth, Espen},
  journal={Games and Culture},
  volume={2},
  number={1},
  pages={3--22},
  year={2007},
  publisher={SAGE publications}
},

@book{ricciardi,
  title="{Top management decision simulation: The AMA approach}",
  author={Ricciardi, Franc M and Marting, Elizabeth},
  year={1957},
  publisher={American Management Association}
},

@article{summers,
  title={Today’s business simulation industry},
  author={Summers, Gary J},
  journal={Simulation \& Gaming},
  volume={35},
  number={2},
  pages={208--241},
  year={2004},
  publisher={Sage Publications}
},

@book{JForrester1961,
  author = "Forrester, J.F.",
  title = "Industrial Dynamics",
  publisher = "Pegasus Communications",
  year = "1961",
  address = "MA, United States"
},


@book{JLarreche1977,
  author = "Larr{\'e}ch{\'e}, Jean-Claude AND Gatignon, Hubert",
  title = "Markstrat -- A Marketing Strategy Game: Teaching Notes",
  publisher = "Scientific Press",
  year = "1977",
  address = "Palo Alto",
},

@misc{stratx,
  author = {{Stratx Simulations}},
  title = {{Markstrat}},
  howpublished = {\url{http://web.stratxsimulations.com/simulation/strategic-marketing-simulation}},
  year = {2015}, 
  note ={retrieved on 15 Dec. 2015},
  %note = "[Online; accessed 03-March-2015]"
},

@article{wolfe93,
 author = {Wolfe, Joseph},
 title = "{A History of Business Teaching Games in English-speaking and Post-socialist Countries: The Origination and Diffusion of a Management Education and Development Technology}",
 journal = {Simulation \& Gaming},
 issue_date = {Dec. 1993},
 volume = {24},
 number = {4},
 month = dec,
 year = {1993},
 issn = {1046-8781},
 pages = {446--463},
 numpages = {18},
 url = {http://dx.doi.org/10.1177/1046878193244003},
 doi = {10.1177/1046878193244003},
 acmid = {180774},
 publisher = {Sage Publications},
 keywords = {Soviet bloc, business games, management education},
},

@article{greco,
  title={An exploratory taxonomy of business games},
  author={Greco, Marco and Baldissin, Nicola and Nonino, Fabio},
  journal={Simulation \& Gaming},
  volume={44},
  number={5},
  pages={645--682},
  year={2013},
  publisher={SAGE Publications},
},

@inproceedings{rokicki_competitive_2014,
        address = {New York, NY, USA},
        series = {{CIKM} '14},
        title = {Competitive {Game} {Designs} for {Improving} the {Cost}
{Effectiveness} of {Crowdsourcing}},
        isbn = {978-1-4503-2598-1},
        url = {http://doi.acm.org/10.1145/2661829.2661946},
        doi = {10.1145/2661829.2661946},
        urldate = {2015-05-21},
        booktitle = {Proceedings of the 23rd {ACM} {International} {Conference}
on {Conference} on {Information} and {Knowledge} {Management}},
        publisher = {ACM},
        author = {Rokicki, Markus and Chelaru, Sergiu and Zerr, Sergej and
Siersdorfer, Stefan},
        year = {2014},
        pages = {1469--1478},
}


@inproceedings{uskov_serious_2014,
        title = "{Serious games, gamification and game engines to support
framework activities in engineering: {Case} studies, analysis,
classifications and outcomes}",
        shorttitle = "{Serious games, gamification and game engines to support
framework activities in engineering}",
        doi = {10.1109/EIT.2014.6871836},
        booktitle = {2014 {IEEE} {International} {Conference} on
{Electro}/{Information} {Technology} ({EIT})},
        author = {Uskov, A. and Sekar, B.},
        month = jun,
        year = {2014},
        pages = {618--623},
}



@inproceedings{saltseller,
  author    = {Felix Kiechle and
               Corinna Uhr and
               Mario Schlereth and
               Yao Zhang and
               Leon O. Burkard and
               Andreas C. Sonnenbichler and
               Andreas Geyer{-}Schulz},
  title     = "{Salt Seller - Realization of a Business Game}",
  booktitle = {{ICE-B} 2015 - Proceedings of the 12th International Conference on
               e-Business, Colmar, Alsace, France, 20-22 July, 2015.},
  pages     = {127--135},
  year      = {2015},
  crossref  = {DBLP:conf/icete/2015},
  url       = {http://dx.doi.org/10.5220/0005503501270135},
  doi       = {10.5220/0005503501270135},
  timestamp = {Mon, 10 Aug 2015 15:32:24 +0200},
  biburl    = {http://dblp.uni-trier.de/rec/bib/conf/icete/KiechleUSZBSG15},
  bibsource = {dblp computer science bibliography, http://dblp.org}
}

@misc{websocket,
  author="I. Fette and A. Melnikov",
  title="{The WebSocket Protocol}",
  series="Request for Comments",
  number="6455",
  howpublished="RFC 6455",
  publisher="IETF",
  organization="Internet Engineering Task Force",
  year=2011,
  month=dec,
    url="http://tools.ietf.org/html/rfc6455",
    note ={retrieved on 15 Dec. 2015}
}


    @misc{nodedoc,
    author = "{Node.js Foundation}",
    publisher = "Node.js Foundation",
    title = "Node.js v5.1.1 Documentation",
    month = "apr",
    year = "2015",
    url = "https://nodejs.org/api/ ",
    note ={retrieved on 10 Dec. 2015}
    }
    
      @misc{nodevsjava,
    author = "{Härle}",
    publisher = "",
    title = "{Java EE vs. Node.js. Eine persönliche Einschätzung}",
    month = "nov",
    year = "2013",
    url = "http://yourinspirationdotnow.blogspot.de/2013/11/java-ee-vs-nodejs-eine-personliche.html",
    note ={retrieved on 15 Dec. 2015}
    }
    
    @article{bsd,
  title="{An Introductory 4.4 BSD Interprocess Communication Tutorial}",
  author={Sechrest, Stuart},
  journal={Computer Science Research Group, Department of Electrical Engineering and Computer Science, University of California, Berkeley},
  year={1986}
}

@article{hack,
  title={Talking to yourself for fun and profit},
  author={Huang, Lin-Shung and Chen, Eric Y and Barth, Adam and Rescorla, Eric and Jackson, Collin},
  journal={Proceedings of W2SP},
  pages={1--11},
  year={2011}
}